@article{calheiros2011cloudsim,
  title={CloudSim: a toolkit for modeling and simulation of cloud computing environments and evaluation of resource provisioning algorithms},
  author={Calheiros, Rodrigo N and Ranjan, Rajiv and Beloglazov, Anton and De Rose, C{\'e}sar AF and Buyya, Rajkumar},
  journal={Software: Practice and experience},
  volume={41},
  number={1},
  pages={23--50},
  year={2011},
  publisher={Wiley Online Library}
}

@inproceedings{gupta2011gdcsim,
  title={Gdcsim: A tool for analyzing green data center design and resource management techniques},
  author={Gupta, Sandeep KS and Gilbert, Rose Robin and Banerjee, Ayan and Abbasi, Zahra and Mukherjee, Tridib and Varsamopoulos, Georgios},
  booktitle={2011 International Green Computing Conference and Workshops},
  pages={1--8},
  year={2011},
  organization={IEEE}
}

@article{mansouri2020cloud,
  title={Cloud computing simulators: A comprehensive review},
  author={Mansouri, Najme and Ghafari, R and Zade, B Mohammad Hasani},
  journal={Simulation Modelling Practice and Theory},
  volume={104},
  pages={102144},
  year={2020},
  publisher={Elsevier}
}

@article{suryateja2016comparative,
  title={A Comparative Analysis of Cloud Simulators.},
  author={Suryateja, Pericherla S},
  journal={International Journal of Modern Education \& Computer Science},
  volume={8},
  number={4},
  year={2016}
}

@article{abreu2020comparative,
  title={A comparative analysis of simulators for the cloud to fog continuum},
  author={Abreu, David Perez and Velasquez, Karima and Curado, Marilia and Monteiro, Edmundo},
  journal={Simulation Modelling Practice and Theory},
  volume={101},
  pages={102029},
  year={2020},
  publisher={Elsevier}
}

@inproceedings{garg2011networkcloudsim,
  title={Networkcloudsim: Modelling parallel applications in cloud simulations},
  author={Garg, Saurabh Kumar and Buyya, Rajkumar},
  booktitle={2011 Fourth IEEE International Conference on Utility and Cloud Computing},
  pages={105--113},
  year={2011},
  organization={IEEE}
}

@inproceedings{wickremasinghe2010cloudanalyst,
  title={Cloudanalyst: A cloudsim-based visual modeller for analysing cloud computing environments and applications},
  author={Wickremasinghe, Bhathiya and Calheiros, Rodrigo N and Buyya, Rajkumar},
  booktitle={2010 24th IEEE international conference on advanced information networking and applications},
  pages={446--452},
  year={2010},
  organization={IEEE}
}

@article{calheiros2013emusim,
  title={EMUSIM: an integrated emulation and simulation environment for modeling, evaluation, and validation of performance of cloud computing applications},
  author={Calheiros, Rodrigo N and Netto, Marco AS and De Rose, C{\'e}sar AF and Buyya, Rajkumar},
  journal={Software: Practice and Experience},
  volume={43},
  number={5},
  pages={595--612},
  year={2013},
  publisher={Wiley Online Library}
}

@inproceedings{fittkau2012cdosim,
  title={CDOSim: Simulating cloud deployment options for software migration support},
  author={Fittkau, Florian and Frey, S{\"o}ren and Hasselbring, Wilhelm},
  booktitle={2012 IEEE 6th International Workshop on the Maintenance and Evolution of Service-Oriented and Cloud-Based Systems (MESOCA)},
  pages={37--46},
  year={2012},
  organization={IEEE}
}

@article{jararweh2013teachcloud,
  title={Teachcloud: a cloud computing educational toolkit},
  author={Jararweh, Yaser and Alshara, Zakarea and Jarrah, Moath and Kharbutli, Mazen and Alsaleh, Mohammad N},
  journal={International Journal of Cloud Computing 1},
  volume={2},
  number={2-3},
  pages={237--257},
  year={2013},
  publisher={Inderscience Publishers Ltd}
}

@inproceedings{li2012dartcsim,
  title={DartCSim: An enhanced user-friendly cloud simulation system based on CloudSim with better performance},
  author={Li, Xiang and Jiang, Xiaohong and Huang, Peng and Ye, Kejiang},
  booktitle={2012 IEEE 2nd International Conference on Cloud Computing and Intelligence Systems},
  volume={1},
  pages={392--396},
  year={2012},
  organization={IEEE}
}

@inproceedings{li2013dartcsim+,
  title={DartCSim+: Enhanced cloudsim with the power and network models integrated},
  author={Li, Xiang and Jiang, Xiaohong and Ye, Kejiang and Huang, Peng},
  booktitle={2013 IEEE Sixth International Conference on Cloud Computing},
  pages={644--651},
  year={2013},
  organization={IEEE}
}

@article{cai2017elasticsim,
  title={Elasticsim: A toolkit for simulating workflows with cloud resource runtime auto-scaling and stochastic task execution times},
  author={Cai, Zhicheng and Li, Qianmu and Li, Xiaoping},
  journal={Journal of Grid Computing},
  volume={15},
  pages={257--272},
  year={2017},
  publisher={Springer}
}

@inproceedings{kohne2014federatedcloudsim,
  title={FederatedCloudSim: a SLA-aware federated cloud simulation framework},
  author={Kohne, Andreas and Spohr, Marc and Nagel, Lars and Spinczyk, Olaf},
  booktitle={Proceedings of the 2nd International Workshop on CrossCloud Systems},
  pages={1--5},
  year={2014}
}

@inproceedings{zhou2013ftcloudsim,
  title={FTCloudSim: A simulation tool for cloud service reliability enhancement mechanisms},
  author={Zhou, Ao and Wang, Shangguang and Sun, Qibo and Zou, Hua and Yang, Fangchun},
  booktitle={Proceedings Demo \& Poster Track of ACM/IFIP/USENIX International Middleware Conference},
  pages={1--2},
  year={2013}
}

@inproceedings{chen2012workflowsim,
  title={Workflowsim: A toolkit for simulating scientific workflows in distributed environments},
  author={Chen, Weiwei and Deelman, Ewa},
  booktitle={2012 IEEE 8th international conference on E-science},
  pages={1--8},
  year={2012},
  organization={IEEE}
}

@article{teixeira2014cloudreports,
  title={CloudReports: an extensible simulation tool for energy-aware cloud computing environments},
  author={Teixeira S{\'a}, Thiago and Calheiros, Rodrigo N and Gomes, Danielo G},
  journal={Cloud computing: Challenges, limitations and R\&D solutions},
  pages={127--142},
  year={2014},
  publisher={Springer}
}

@inproceedings{higashino2015cepsim,
  title={CEPSim: a simulator for cloud-based complex event processing},
  author={Higashino, Wilson A and Capretz, Miriam AM and Bittencourt, Luiz F},
  booktitle={2015 IEEE International Congress on Big Data},
  pages={182--190},
  year={2015},
  organization={IEEE}
}

@article{luckham1998complex,
  title={Complex event processing in distributed systems},
  author={Luckham, David C and Frasca, Brian},
  journal={Computer Systems Laboratory Technical Report CSL-TR-98-754. Stanford University, Stanford},
  volume={28},
  pages={16},
  year={1998}
}

@inproceedings{bux2013dynamiccloudsim,
  title={DynamicCloudSim: Simulating heterogeneity in computational clouds},
  author={Bux, Marc and Leser, Ulf},
  booktitle={Proceedings of the 2nd acm sigmod workshop on scalable workflow execution engines and technologies},
  pages={1--12},
  year={2013}
}

@article{jararweh2014cloudexp,
  title={CloudExp: A comprehensive cloud computing experimental framework},
  author={Jararweh, Yaser and Jarrah, Moath and Alshara, Zakarea and Alsaleh, Mohammed Noraden and Al-Ayyoub, Mahmoud and others},
  journal={Simulation Modelling Practice and Theory},
  volume={49},
  pages={180--192},
  year={2014},
  publisher={Elsevier}
}

@inproceedings{alves2016cm,
  title={CM cloud simulator: a cost model simulator module for Cloudsim},
  author={Alves, Diego Cardoso and Batista, Bruno Guazzelli and Leite Filho, Dionisio Machado and Peixoto, Maycon Leone and Reiff-Marganiec, Stephan and Kuehne, Bruno Tardiole},
  booktitle={2016 IEEE World Congress on Services (SERVICES)},
  pages={99--102},
  year={2016},
  organization={IEEE}
}

@inproceedings{jung2012mr,
  title={MR-CloudSim: Designing and implementing MapReduce computing model on CloudSim},
  author={Jung, Jongtack and Kim, Hwangnam},
  booktitle={2012 International Conference on ICT Convergence (ICTC)},
  pages={504--509},
  year={2012},
  organization={IEEE}
}

@article{dean2008mapreduce,
  title={MapReduce: simplified data processing on large clusters},
  author={Dean, Jeffrey and Ghemawat, Sanjay},
  journal={Communications of the ACM},
  volume={51},
  number={1},
  pages={107--113},
  year={2008},
  publisher={ACM New York, NY, USA}
}

@inproceedings{sqalli2012ucloud,
  title={UCloud: A simulated Hybrid Cloud for a university environment},
  author={Sqalli, Mohammed H and Al-Saeedi, Mohammed and Binbeshr, Farid and Siddiqui, Mohammed},
  booktitle={2012 IEEE 1ST International Conference on Cloud Networking (CLOUDNET)},
  pages={170--172},
  year={2012},
  organization={IEEE}
}

@inproceedings{lim2009mdcsim,
  title={MDCSim: A multi-tier data center simulation, platform},
  author={Lim, Seung-Hwan and Sharma, Bikash and Nam, Gunwoo and Kim, Eun Kyoung and Das, Chita R},
  booktitle={2009 IEEE International Conference on Cluster Computing and Workshops},
  pages={1--9},
  year={2009},
  organization={IEEE}
}