@article{calheiros2011cloudsim,
  title={CloudSim: a toolkit for modeling and simulation of cloud computing environments and evaluation of resource provisioning algorithms},
  author={Calheiros, Rodrigo N and Ranjan, Rajiv and Beloglazov, Anton and De Rose, C{\'e}sar AF and Buyya, Rajkumar},
  journal={Software: Practice and experience},
  volume={41},
  number={1},
  pages={23--50},
  year={2011},
  publisher={Wiley Online Library}
}

@inproceedings{gupta2011gdcsim,
  title={Gdcsim: A tool for analyzing green data center design and resource management techniques},
  author={Gupta, Sandeep KS and Gilbert, Rose Robin and Banerjee, Ayan and Abbasi, Zahra and Mukherjee, Tridib and Varsamopoulos, Georgios},
  booktitle={2011 International Green Computing Conference and Workshops},
  pages={1--8},
  year={2011},
  organization={IEEE}
}

@article{mansouri2020cloud,
  title={Cloud computing simulators: A comprehensive review},
  author={Mansouri, Najme and Ghafari, R and Zade, B Mohammad Hasani},
  journal={Simulation Modelling Practice and Theory},
  volume={104},
  pages={102144},
  year={2020},
  publisher={Elsevier}
}

@article{suryateja2016comparative,
  title={A Comparative Analysis of Cloud Simulators.},
  author={Suryateja, Pericherla S},
  journal={International Journal of Modern Education \& Computer Science},
  volume={8},
  number={4},
  year={2016}
}

@article{abreu2020comparative,
  title={A comparative analysis of simulators for the cloud to fog continuum},
  author={Abreu, David Perez and Velasquez, Karima and Curado, Marilia and Monteiro, Edmundo},
  journal={Simulation Modelling Practice and Theory},
  volume={101},
  pages={102029},
  year={2020},
  publisher={Elsevier}
}

@inproceedings{garg2011networkcloudsim,
  title={Networkcloudsim: Modelling parallel applications in cloud simulations},
  author={Garg, Saurabh Kumar and Buyya, Rajkumar},
  booktitle={2011 Fourth IEEE International Conference on Utility and Cloud Computing},
  pages={105--113},
  year={2011},
  organization={IEEE}
}

@inproceedings{wickremasinghe2010cloudanalyst,
  title={Cloudanalyst: A cloudsim-based visual modeller for analysing cloud computing environments and applications},
  author={Wickremasinghe, Bhathiya and Calheiros, Rodrigo N and Buyya, Rajkumar},
  booktitle={2010 24th IEEE international conference on advanced information networking and applications},
  pages={446--452},
  year={2010},
  organization={IEEE}
}

@article{calheiros2013emusim,
  title={EMUSIM: an integrated emulation and simulation environment for modeling, evaluation, and validation of performance of cloud computing applications},
  author={Calheiros, Rodrigo N and Netto, Marco AS and De Rose, C{\'e}sar AF and Buyya, Rajkumar},
  journal={Software: Practice and Experience},
  volume={43},
  number={5},
  pages={595--612},
  year={2013},
  publisher={Wiley Online Library}
}

@inproceedings{fittkau2012cdosim,
  title={CDOSim: Simulating cloud deployment options for software migration support},
  author={Fittkau, Florian and Frey, S{\"o}ren and Hasselbring, Wilhelm},
  booktitle={2012 IEEE 6th International Workshop on the Maintenance and Evolution of Service-Oriented and Cloud-Based Systems (MESOCA)},
  pages={37--46},
  year={2012},
  organization={IEEE}
}

@article{jararweh2013teachcloud,
  title={Teachcloud: a cloud computing educational toolkit},
  author={Jararweh, Yaser and Alshara, Zakarea and Jarrah, Moath and Kharbutli, Mazen and Alsaleh, Mohammad N},
  journal={International Journal of Cloud Computing 1},
  volume={2},
  number={2-3},
  pages={237--257},
  year={2013},
  publisher={Inderscience Publishers Ltd}
}

@inproceedings{li2012dartcsim,
  title={DartCSim: An enhanced user-friendly cloud simulation system based on CloudSim with better performance},
  author={Li, Xiang and Jiang, Xiaohong and Huang, Peng and Ye, Kejiang},
  booktitle={2012 IEEE 2nd International Conference on Cloud Computing and Intelligence Systems},
  volume={1},
  pages={392--396},
  year={2012},
  organization={IEEE}
}

@inproceedings{li2013dartcsim+,
  title={DartCSim+: Enhanced cloudsim with the power and network models integrated},
  author={Li, Xiang and Jiang, Xiaohong and Ye, Kejiang and Huang, Peng},
  booktitle={2013 IEEE Sixth International Conference on Cloud Computing},
  pages={644--651},
  year={2013},
  organization={IEEE}
}

@article{cai2017elasticsim,
  title={Elasticsim: A toolkit for simulating workflows with cloud resource runtime auto-scaling and stochastic task execution times},
  author={Cai, Zhicheng and Li, Qianmu and Li, Xiaoping},
  journal={Journal of Grid Computing},
  volume={15},
  pages={257--272},
  year={2017},
  publisher={Springer}
}

@inproceedings{kohne2014federatedcloudsim,
  title={FederatedCloudSim: a SLA-aware federated cloud simulation framework},
  author={Kohne, Andreas and Spohr, Marc and Nagel, Lars and Spinczyk, Olaf},
  booktitle={Proceedings of the 2nd International Workshop on CrossCloud Systems},
  pages={1--5},
  year={2014}
}

@inproceedings{zhou2013ftcloudsim,
  title={FTCloudSim: A simulation tool for cloud service reliability enhancement mechanisms},
  author={Zhou, Ao and Wang, Shangguang and Sun, Qibo and Zou, Hua and Yang, Fangchun},
  booktitle={Proceedings Demo \& Poster Track of ACM/IFIP/USENIX International Middleware Conference},
  pages={1--2},
  year={2013}
}

@inproceedings{chen2012workflowsim,
  title={Workflowsim: A toolkit for simulating scientific workflows in distributed environments},
  author={Chen, Weiwei and Deelman, Ewa},
  booktitle={2012 IEEE 8th international conference on E-science},
  pages={1--8},
  year={2012},
  organization={IEEE}
}

@article{teixeira2014cloudreports,
  title={CloudReports: an extensible simulation tool for energy-aware cloud computing environments},
  author={Teixeira S{\'a}, Thiago and Calheiros, Rodrigo N and Gomes, Danielo G},
  journal={Cloud computing: Challenges, limitations and R\&D solutions},
  pages={127--142},
  year={2014},
  publisher={Springer}
}

@inproceedings{higashino2015cepsim,
  title={CEPSim: a simulator for cloud-based complex event processing},
  author={Higashino, Wilson A and Capretz, Miriam AM and Bittencourt, Luiz F},
  booktitle={2015 IEEE International Congress on Big Data},
  pages={182--190},
  year={2015},
  organization={IEEE}
}

@article{luckham1998complex,
  title={Complex event processing in distributed systems},
  author={Luckham, David C and Frasca, Brian},
  journal={Computer Systems Laboratory Technical Report CSL-TR-98-754. Stanford University, Stanford},
  volume={28},
  pages={16},
  year={1998}
}

@inproceedings{bux2013dynamiccloudsim,
  title={DynamicCloudSim: Simulating heterogeneity in computational clouds},
  author={Bux, Marc and Leser, Ulf},
  booktitle={Proceedings of the 2nd acm sigmod workshop on scalable workflow execution engines and technologies},
  pages={1--12},
  year={2013}
}

@article{jararweh2014cloudexp,
  title={CloudExp: A comprehensive cloud computing experimental framework},
  author={Jararweh, Yaser and Jarrah, Moath and Alshara, Zakarea and Alsaleh, Mohammed Noraden and Al-Ayyoub, Mahmoud and others},
  journal={Simulation Modelling Practice and Theory},
  volume={49},
  pages={180--192},
  year={2014},
  publisher={Elsevier}
}

@inproceedings{alves2016cm,
  title={CM cloud simulator: a cost model simulator module for Cloudsim},
  author={Alves, Diego Cardoso and Batista, Bruno Guazzelli and Leite Filho, Dionisio Machado and Peixoto, Maycon Leone and Reiff-Marganiec, Stephan and Kuehne, Bruno Tardiole},
  booktitle={2016 IEEE World Congress on Services (SERVICES)},
  pages={99--102},
  year={2016},
  organization={IEEE}
}

@inproceedings{jung2012mr,
  title={MR-CloudSim: Designing and implementing MapReduce computing model on CloudSim},
  author={Jung, Jongtack and Kim, Hwangnam},
  booktitle={2012 International Conference on ICT Convergence (ICTC)},
  pages={504--509},
  year={2012},
  organization={IEEE}
}

@article{dean2008mapreduce,
  title={MapReduce: simplified data processing on large clusters},
  author={Dean, Jeffrey and Ghemawat, Sanjay},
  journal={Communications of the ACM},
  volume={51},
  number={1},
  pages={107--113},
  year={2008},
  publisher={ACM New York, NY, USA}
}

@inproceedings{sqalli2012ucloud,
  title={UCloud: A simulated Hybrid Cloud for a university environment},
  author={Sqalli, Mohammed H and Al-Saeedi, Mohammed and Binbeshr, Farid and Siddiqui, Mohammed},
  booktitle={2012 IEEE 1ST International Conference on Cloud Networking (CLOUDNET)},
  pages={170--172},
  year={2012},
  organization={IEEE}
}

@inproceedings{lim2009mdcsim,
  title={MDCSim: A multi-tier data center simulation, platform},
  author={Lim, Seung-Hwan and Sharma, Bikash and Nam, Gunwoo and Kim, Eun Kyoung and Das, Chita R},
  booktitle={2009 IEEE International Conference on Cluster Computing and Workshops},
  pages={1--9},
  year={2009},
  organization={IEEE}
}

@inproceedings{cucinotta2013cloudnetsim,
  title={Cloudnetsim-simulation of real-time cloud computing applications},
  author={Cucinotta, Tommaso and Santogidis, Aram},
  booktitle={Proceedings of the 4th International Workshop on Analysis Tools and Methodologies for Embedded and Real-time Systems},
  year={2013}
}

@inproceedings{malik2014cloudnetsim++,
  title={Cloudnetsim++: A toolkit for data center simulations in omnet++},
  author={Malik, Asad W and Bilal, Kashif and Aziz, Khurram and Kliazovich, Dzmitry and Ghani, Nasir and Khan, Samee U and Buyya, Rajkumar},
  booktitle={2014 11th Annual High Capacity Optical Networks and Emerging/Enabling Technologies (Photonics for Energy)},
  pages={104--108},
  year={2014},
  organization={IEEE}
}

@article{kliazovich2012greencloud,
  title={GreenCloud: a packet-level simulator of energy-aware cloud computing data centers},
  author={Kliazovich, Dzmitry and Bouvry, Pascal and Khan, Samee Ullah},
  journal={The Journal of Supercomputing},
  volume={62},
  pages={1263--1283},
  year={2012},
  publisher={Springer}
}

@article{nunez2012icancloud,
  title={iCanCloud: A flexible and scalable cloud infrastructure simulator},
  author={N{\'u}{\~n}ez, Alberto and V{\'a}zquez-Poletti, Jose L and Caminero, Agustin C and Casta{\~n}{\'e}, Gabriel G and Carretero, Jesus and Llorente, Ignacio M},
  journal={Journal of Grid Computing},
  volume={10},
  pages={185--209},
  year={2012},
  publisher={Springer}
}

@inproceedings{rehman2014seccloudsim,
  title={secCloudSim: secure cloud simulator},
  author={Rehman, Ubaid Ur and Ali, Amir and Anwar, Zahid},
  booktitle={2014 12th International Conference on Frontiers of Information Technology},
  pages={208--213},
  year={2014},
  organization={IEEE}
}

@inproceedings{ostermann2011groudsim,
  title={GroudSim: An event-based simulation framework for computational grids and clouds},
  author={Ostermann, Simon and Plankensteiner, Kassian and Prodan, Radu and Fahringer, Thomas},
  booktitle={Euro-Par 2010 Parallel Processing Workshops: HeteroPar, HPCC, HiBB, CoreGrid, UCHPC, HPCF, PROPER, CCPI, VHPC, Ischia, Italy, August 31--September 3, 2010, Revised Selected Papers 16},
  pages={305--313},
  year={2011},
  organization={Springer}
}

@article{fahringer2005askalon,
  title={ASKALON: a tool set for cluster and Grid computing},
  author={Fahringer, Thomas and Jugravu, Alexandru and Pllana, Sabri and Prodan, Radu and Seragiotto Jr, Clovis and Truong, Hong-Linh},
  journal={Concurrency and Computation: Practice and Experience},
  volume={17},
  number={2-4},
  pages={143--169},
  year={2005},
  publisher={Wiley Online Library}
}

@article{tian2013toolkit,
  title={A toolkit for modeling and simulation of real-time virtual machine allocation in a cloud data center},
  author={Tian, Wenhong and Zhao, Yong and Xu, Minxian and Zhong, Yuanliang and Sun, Xiashuang},
  journal={IEEE Transactions on Automation Science and Engineering},
  volume={12},
  number={1},
  pages={153--161},
  year={2013},
  publisher={IEEE}
}

@inproceedings{sotiriadis2013simic,
  title={SimIC: Designing a new inter-cloud simulation platform for integrating large-scale resource management},
  author={Sotiriadis, Stelios and Bessis, Nik and Antonopoulos, Nick and Anjum, Ashiq},
  booktitle={2013 IEEE 27th International Conference on Advanced Information Networking and Applications (AINA)},
  pages={90--97},
  year={2013},
  organization={IEEE}
}

@inproceedings{sriram2009speci,
  title={SPECI, a simulation tool exploring cloud-scale data centres},
  author={Sriram, Ilango},
  booktitle={Cloud Computing: First International Conference, CloudCom 2009, Beijing, China, December 1-4, 2009. Proceedings 1},
  pages={381--392},
  year={2009},
  organization={Springer}
}

@article{fernandez2018score,
  title={SCORE: Simulator for cloud optimization of resources and energy consumption},
  author={Fern{\'a}ndez-Cerero, Dami{\'a}n and Fern{\'a}ndez-Montes, Alejandro and Jak{\'o}bik, Agnieszka and Ko{\l}odziej, Joanna and Toro, Miguel},
  journal={Simulation Modelling Practice and Theory},
  volume={82},
  pages={160--173},
  year={2018},
  publisher={Elsevier}
}

@article{fernandez2019game,
  title={GAME-SCORE: Game-based energy-aware cloud scheduler and simulator for computational clouds},
  author={Fern{\'a}ndez-Cerero, Damian and Jak{\'o}bik, Agnieszka and Fern{\'a}ndez-Montes, Alejandro and Ko{\l}odziej, Joanna},
  journal={Simulation Modelling Practice and Theory},
  volume={93},
  pages={3--20},
  year={2019},
  publisher={Elsevier}
}

@inproceedings{fernandez2018stackelberg,
  title={Stackelberg game-based models in energy-aware cloud scheduling},
  author={Fern{\'a}ndez Cerero, Dami{\'a}n and Fern{\'a}ndez Montes Gonz{\'a}lez, Alejandro and Jak{\'o}bik, Agnieszka and Kolodziej, Joanna},
  booktitle={ECMS 2018: 32nd European Conference on Modelling and Simulation (2018).},
  year={2018},
  organization={European Council for Modelling and Simulation}
}

@article{kecskemeti2015dissect,
  title={DISSECT-CF: a simulator to foster energy-aware scheduling in infrastructure clouds},
  author={Kecskemeti, Gabor},
  journal={Simulation Modelling Practice and Theory},
  volume={58},
  pages={188--218},
  year={2015},
  publisher={Elsevier}
}

@article{khalil2017cloud,
  title={Cloud simulators--an evaluation study},
  author={Khalil, Khaled M and Abdel-Aziz, M and Nazmy, Taymour T and Salem, Abdel-Badeeh M},
  journal={International Journal Information Models and Analyses},
  volume={6},
  number={1},
  year={2017}
}

@article{badii2016icaro,
  title={ICARO Cloud Simulator exploiting knowledge base},
  author={Badii, Claudio and Bellini, Pierfrancesco and Bruno, Ivan and Cenni, Daniele and Mariucci, Riccardo and Nesi, Paolo},
  journal={Simulation Modelling Practice and Theory},
  volume={62},
  pages={1--13},
  year={2016},
  publisher={Elsevier}
}

@inproceedings{shiraz2012extendable,
  title={An extendable simulation framework for modeling application processing potentials of smart mobile devices for mobile cloud computing},
  author={Shiraz, Muhammad and Gani, Abdullah and Khokhar, Rashid Hafeez and Ahmed, Ejaz},
  booktitle={2012 10th International Conference on Frontiers of Information Technology},
  pages={331--336},
  year={2012},
  organization={IEEE}
}

@inproceedings{son2015cloudsimsdn,
  title={Cloudsimsdn: Modeling and simulation of software-defined cloud data centers},
  author={Son, Jungmin and Dastjerdi, Amir Vahid and Calheiros, Rodrigo N and Ji, Xiaohui and Yoon, Young and Buyya, Rajkumar},
  booktitle={2015 15th IEEE/ACM International Symposium on Cluster, Cloud and Grid Computing},
  pages={475--484},
  year={2015},
  organization={IEEE}
}

@inproceedings{kim2015pics,
  title={Pics: A public iaas cloud simulator},
  author={Kim, In Kee and Wang, Wei and Humphrey, Marty},
  booktitle={2015 IEEE 8th International Conference on Cloud Computing},
  pages={211--220},
  year={2015},
  organization={IEEE}
}

@article{patel2016comprehensive,
  title={A comprehensive assessment and comparative analysis of simulations tools for cloud computing},
  author={Patel, N and Patel, H},
  journal={Int J Eng Comput Sci},
  volume={5},
  number={11},
  pages={18972--18978},
  year={2016}
}

@article{benzekki2016software,
  title={Software-defined networking (SDN): a survey},
  author={Benzekki, Kamal and El Fergougui, Abdeslam and Elbelrhiti Elalaoui, Abdelbaki},
  journal={Security and communication networks},
  volume={9},
  number={18},
  pages={5803--5833},
  year={2016},
  publisher={Wiley Online Library}
}

@article{gdcsim_latest,
author = {Gupta, Sandeep K. S. and Banerjee, Ayan and Abbasi, Zahra and Varsamopoulos, Georgios and Jonas, Michael and Ferguson, Joshua and Gilbert, Rose Robin and Mukherjee, Tridib},
title = {GDCSim: A Simulator for Green Data Center Design and Analysis},
year = {2014},
issue_date = {January 2014},
publisher = {Association for Computing Machinery},
address = {New York, NY, USA},
volume = {24},
number = {1},
issn = {1049-3301},
url = {https://doi.org/10.1145/2553083},
doi = {10.1145/2553083},
abstract = {Energy-efficient data center design and management has been a challenge of increasing importance in the past decade due to its potential to save billions of dollars in energy costs. However, the state of the art in design and evaluation of data centers require designers to be expertly familiar with a prohibitively large number of domain-specific design tools that necessitate user intervention in each step of the design process. This is due to the lack of a holistic data center design tool. To fill this gap, this article presents an iterative green data center design framework, the Green Data Center Simulator (GDCSim), for the design and development of energy-efficient data centers.},
journal = {ACM Trans. Model. Comput. Simul.},
month = {jan},
articleno = {3},
numpages = {27},
keywords = {green data center, Simulation, modeling, cyber-physical system, energy efficiency}
}

@article{gupta2014gdcsim,
  title={Gdcsim: A simulator for green data center design and analysis},
  author={Gupta, Sandeep KS and Banerjee, Ayan and Abbasi, Zahra and Varsamopoulos, Georgios and Jonas, Michael and Ferguson, Joshua and Gilbert, Rose Robin and Mukherjee, Tridib},
  journal={ACM Transactions on Modeling and Computer Simulation (TOMACS)},
  volume={24},
  number={1},
  pages={1--27},
  year={2014},
  publisher={ACM New York, NY, USA}
}

@article{avelar2012pue,
  title={PUE: a comprehensive examination of the metric},
  author={Avelar, Victor and Azevedo, Dan and French, Alan and Power, Emerson Network},
  journal={White paper},
  volume={49},
  year={2012}
}

@article{bogdanoski2013analysis,
  title={Analysis of the SYN flood DoS attack},
  author={Bogdanoski, Mitko and Suminoski, Tomislav and Risteski, Aleksandar},
  journal={International Journal of Computer Network and Information Security (IJCNIS)},
  volume={5},
  number={8},
  pages={1--11},
  year={2013},
  publisher={MECS Publisher}
}

@misc{understandingdos, 
  title={Understanding Denial-of-Service Attacks},
  url={https://www.cisa.gov/news-events/news/understanding-denial-service-attacks}, 
  journal={Cybersecurity and Infrastructure Security Agency CISA}, 
  year={2021}, 
  month={Feb} 
}

‌@INPROCEEDINGS{hiddenthreatthermalattacks,
  author={Shao, Zhihui and Islam, Mohammad A. and Ren, Shaolei},
  booktitle={2021 IEEE International Symposium on High-Performance Computer Architecture (HPCA)}, 
  title={Heat Behind the Meter: A Hidden Threat of Thermal Attacks in Edge Colocation Data Centers}, 
  year={2021},
  volume={},
  number={},
  pages={318-331},
  doi={10.1109/HPCA51647.2021.00035}
}

@article{liu2016green,
  title={Green data center with IoT sensing and cloud-assisted smart temperature control system},
  author={Liu, Qiang and Ma, Yujun and Alhussein, Musaed and Zhang, Yin and Peng, Limei},
  journal={Computer Networks},
  volume={101},
  pages={104--112},
  year={2016},
  publisher={Elsevier}
}

@inproceedings{ramphela2020internet,
  title={Internet of things (iot) integrated data center infrastructure monitoring system},
  author={Ramphela, Mahlatsi Kgabo Jackson and Owolawi, Pius Adewale and Mapayi, Temitope and Aiyetoro, Gbolahan},
  booktitle={2020 International Conference on Artificial Intelligence, Big Data, Computing and Data Communication Systems (icABCD)},
  pages={1--6},
  year={2020},
  organization={IEEE}
}

@article{meneghello2019iot,
  title={IoT: Internet of threats? A survey of practical security vulnerabilities in real IoT devices},
  author={Meneghello, Francesca and Calore, Matteo and Zucchetto, Daniel and Polese, Michele and Zanella, Andrea},
  journal={IEEE Internet of Things Journal},
  volume={6},
  number={5},
  pages={8182--8201},
  year={2019},
  publisher={IEEE}
}

@article{zhou2014detection,
  title={Detection and defense of application-layer DDoS attacks in backbone web traffic},
  author={Zhou, Wei and Jia, Weijia and Wen, Sheng and Xiang, Yang and Zhou, Wanlei},
  journal={Future Generation Computer Systems},
  volume={38},
  pages={36--46},
  year={2014},
  publisher={Elsevier}
}

@article{yu2008traffic,
  title={Traffic flooding attack detection with SNMP MIB using SVM},
  author={Yu, Jaehak and Lee, Hansung and Kim, Myung-Sup and Park, Daihee},
  journal={Computer Communications},
  volume={31},
  number={17},
  pages={4212--4219},
  year={2008},
  publisher={Elsevier}
}
@article{yang2008ddos,
  title={DDoS detection based on wavelet kernel support vector machine},
  author={YANG, Ming-hui and WANG, Ru-chuan},
  journal={The Journal of China Universities of Posts and Telecommunications},
  volume={15},
  number={3},
  pages={59--94},
  year={2008},
  publisher={Elsevier}
}

@article{zhang2004wavelet,
  title={Wavelet support vector machine},
  author={Zhang, Li and Zhou, Weida and Jiao, Licheng},
  journal={IEEE Transactions on Systems, Man, and Cybernetics, Part B (Cybernetics)},
  volume={34},
  number={1},
  pages={34--39},
  year={2004},
  publisher={IEEE}
}

@article{spyridopoulos2013game,
  title={A game theoretic defence framework against DoS/DDoS cyber attacks},
  author={Spyridopoulos, Theodoros and Karanikas, George and Tryfonas, Theodore and Oikonomou, Georgios},
  journal={Computers \& Security},
  volume={38},
  pages={39--50},
  year={2013},
  publisher={Elsevier}
}

@inproceedings{akyazi2010detection,
  title={Detection of DDoS attacks via an artificial immune system-inspired multiobjective evolutionary algorithm},
  author={Akyaz{\i}, U{\u{g}}ur and Uyar, A {\c{S}}ima},
  booktitle={Applications of Evolutionary Computation: EvoApplications 2010: EvoCOMNET, EvoENVIRONMENT, EvoFIN, EvoMUSART, and EvoTRANSLOG, Istanbul, Turkey, April 7-9, 2010, Proceedings, Part II},
  pages={1--10},
  year={2010},
  organization={Springer}
}

@article{dou2013confidence,
  title={A confidence-based filtering method for DDoS attack defense in cloud environment},
  author={Dou, Wanchun and Chen, Qi and Chen, Jinjun},
  journal={Future Generation Computer Systems},
  volume={29},
  number={7},
  pages={1838--1850},
  year={2013},
  publisher={Elsevier}
}

@inproceedings{barati2014distributed,
  title={Distributed Denial of Service detection using hybrid machine learning technique},
  author={Barati, Mehdi and Abdullah, Azizol and Udzir, Nur Izura and Mahmod, Ramlan and Mustapha, Norwati},
  booktitle={2014 International Symposium on Biometrics and Security Technologies (ISBAST)},
  pages={268--273},
  year={2014},
  organization={IEEE}
}

@inproceedings{sulaiman2021intrusion,
  title={Intrusion detection system techniques: a review},
  author={Sulaiman, Noor Suhana and Nasir, Akhyari and Othman, Wan Roslina Wan and Wahab, Syahrul Fahmy Abdul and Aziz, Nur Sukinah and Yacob, Azliza and Samsudin, Nooraida},
  booktitle={Journal of Physics: Conference Series},
  volume={1874},
  pages={012042},
  year={2021},
  organization={IOP Publishing}
}

@article{khraisat2019survey,
  title={Survey of intrusion detection systems: techniques, datasets and challenges},
  author={Khraisat, Ansam and Gondal, Iqbal and Vamplew, Peter and Kamruzzaman, Joarder},
  journal={Cybersecurity},
  volume={2},
  number={1},
  pages={1--22},
  year={2019},
  publisher={Springer}
}

@article{makaratzis2018energy,
  title={Energy modeling in cloud simulation frameworks},
  author={Makaratzis, Antonios T and Giannoutakis, Konstantinos M and Tzovaras, Dimitrios},
  journal={Future Generation Computer Systems},
  volume={79},
  pages={715--725},
  year={2018},
  publisher={Elsevier}
}